@book{good,
    title={Deep Learning},
    author={Ian Goodfellow and Yoshua Bengio and Aaron Courville},
    publisher={MIT Press},
    note={\url{http://www.deeplearningbook.org}},
    year={2016}
}
@online{20min,
	author = "Desiree Pomper",
	title = "20min zeug",
	url  = "https://www.20min.ch/schweiz/news/story/-Wir-brauchen-eine-Ausgangssperre---jetzt--22293578",
	addendum = "(Zugegriffen am 18.03.2020)"
}